@Article{Steven_Heller:Type_as_agent_of_Power,
	author = "Heller, Steven",
	title = "Type as agent of Power",
	journal = "Baseline",
	year = "2016",
	volume = "62",
	pages = "20--22",
	ISSN = "0954--9226",
}
@Article{Filip_Blazek:Diakr,
	author = "Blažek, Filip",
	title = "Diakritická znaménka",
	journal = "Typo",
	year = "2007",
	volume = "10",
	pages = "15--16",
	ISSN = "1214--0716",
}
@Inproceedings{Conf:proc,
	title = "Document Manipulation and Typography",
	author = "Arnon, Dennis and Beach, Richard and McIsaac,Kevin and Waldspurger,Carl and others",
	booktitle = "International Conference on Electronic Publishing, Document Manipulation and Typography",
	address = "Cambridge",
	publisher = "Cambridge Univesity Press",
	month = "Apríl",
	year = "1988",
	ISBN = "0--521--36294--6",
}

@Book{blackwell200420th,
	title = "20th-century Type",
	author = "Blackwell, Lewis",
	edition = "1",
	isbn = "978--0300100730",
	year = "2004",
	address = "New Haven",
	publisher = "Yale University Press",
}

@Book{Rybicka:Latex_pro_zacatecniky,
	title = "{{\LaTeX}} pro začátečníky",
	author = "Rybička, Jiří",
	edition = "3",
	isbn = "80--7302--049--1",
	year = "2003",
	address = "Brno",
	publisher = "Konvoj",
}

@MasterThesis{Martin_Cerny:Znakove_sady_v_typografickych_systemech,
	author = "Černý, Martin",
	title = "Znakové sady v~typografických systémech",
	school = "Mendelova zemědelská a lesnícka univerzita v~Brně, Fakulta provozně ekonomická",
	address = "Brno",
	year = "1999",
}

@BachelorThesis{Lenka_Bubanova:Graficky_dizajn_--_multimedialna_prirucka,
	author = {Bubanová, Lenka},
	title = {Grafický dizajn -- multimediálna príručka},
	school = {Žilinská univerzita v~Žiline, Elektrotechnická fakulta},
	address = {Žilina},
	year = {2009},
}


@Misc{Harper:dict,
	howpublished = "online",
	author = "Harper, Douglas",
	title = "Online Etymology Dictionary",
	cited = "!2016-04-15",
	revised = "Posledná zmena 19. júla 2013",
	url = "http://www.etymonline.com/index.php?term=font"
}

@Misc{Rickon:cin,
	howpublished = "online",
	author = "Rickon, Paul",
	title = "'Earliest writing' found in China",
	cited = "!2016-04-15",
	revised = "Posledná zmena 17. apríla 2003",
	url = "http://news.bbc.co.uk/2/hi/science/nature/2956925.stm"
}

@Misc{wiki:font,
	howpublished = "online",
	author = "Wikipedia",
	title = "Font",
	cited = "!2016-04-15",
	revised = "Posledná zmena 28. marca 2016",
	url = "https://cs.wikipedia.org/wiki/Font"
}
